<record><leader>00000cas a22000007a 4500</leader><controlfield tag="001">18386340</controlfield><controlfield tag="008">880822d18921893ohudr ne      0    0eng d</controlfield><datafield ind1=" " ind2=" " tag="010"><subfield code="a">sn 88077811 </subfield></datafield><datafield ind1=" " ind2=" " tag="040"><subfield code="a">ONP</subfield><subfield code="b">eng</subfield><subfield code="c">ONP</subfield><subfield code="d">OCLCQ</subfield></datafield><datafield ind1=" " ind2=" " tag="042"><subfield code="a">msc</subfield></datafield><datafield ind1="0" ind2="0" tag="245"><subfield code="a">Columbus evening press-post.</subfield></datafield><datafield ind1="3" ind2="0" tag="246"><subfield code="a">Columbus morning press-post</subfield></datafield><datafield ind1="3" ind2="0" tag="246"><subfield code="a">Columbus morning press</subfield></datafield><datafield ind1=" " ind2=" " tag="260"><subfield code="a">Columbus, Ohio :</subfield><subfield code="b">[s.n.],</subfield><subfield code="c">1892-1893.</subfield></datafield><datafield ind1=" " ind2=" " tag="300"><subfield code="a">v.</subfield></datafield><datafield ind1=" " ind2=" " tag="310"><subfield code="a">Daily</subfield></datafield><datafield ind1="0" ind2=" " tag="362"><subfield code="a">Vol. 65, no. 265 (Sept. 21, 1892)-v. 66, no. 325 (Nov. 21, 1893).</subfield></datafield><datafield ind1=" " ind2=" " tag="500"><subfield code="a">Published on Sunday as: Columbus morning press-post, Sept. 21, 1892-Dec. 4, 1892; and: Columbus morning press, Dec. 11, 1892-Nov. 21, 1893.</subfield></datafield><datafield ind1=" " ind2="4" tag="651"><subfield code="a">Columbus (Ohio)</subfield><subfield code="v">Newspapers.</subfield></datafield><datafield ind1=" " ind2="4" tag="651"><subfield code="a">Franklin County (Ohio)</subfield><subfield code="v">Newspapers.</subfield></datafield><datafield ind1=" " ind2=" " tag="752"><subfield code="a">United States</subfield><subfield code="b">Ohio</subfield><subfield code="c">Franklin</subfield><subfield code="d">Columbus.</subfield></datafield><datafield ind1="0" ind2=" " tag="775"><subfield code="t">Weekly press (Columbus, Ohio : 1888)</subfield><subfield code="w">(DLC)sn 88077823</subfield></datafield><datafield ind1="0" ind2="0" tag="780"><subfield code="t">Daily press and post</subfield><subfield code="w">(DLC)sn 88077810</subfield></datafield><datafield ind1="0" ind2="0" tag="785"><subfield code="t">Columbus evening post-press</subfield><subfield code="w">(DLC)sn 88077812</subfield></datafield><datafield ind1="1" ind2=" " tag="029"><subfield code="a">AU@</subfield><subfield code="b">000020519631</subfield></datafield></record>